@article{nascimento2018detecting,
  title={Detecting changes in fully polarimetric SAR imagery with statistical information theory},
  author={Nascimento, Abraao DC and Frery, Alejandro C and Cintra, Renato J},
  journal={IEEE Transactions on Geoscience and Remote Sensing},
  volume={57},
  number={3},
  pages={1380--1392},
  year={2018},
  publisher={IEEE}
}

@article{de2020fusion,
  title={Fusion of evidences in intensity channels for edge detection in PolSAR images},
  author={De Borba, Anderson A and Marengoni, Maur{\'\i}cio and Frery, Alejandro C},
  journal={IEEE Geoscience and Remote Sensing Letters},
  volume={19},
  pages={1--5},
  year={2020},
  publisher={IEEE}
}

%--------------------------------------------------------------------------------------------
@book{cloude2009polarisation,
  title={Polarisation: applications in remote sensing},
  author={Cloude, Shane},
  year={2009},
  publisher={OUP Oxford}
}

%--------------------------------------------------------------------------------------------
@book{lee2017polarimetric,
  title={Polarimetric radar imaging: from basics to applications},
  author={Lee, Jong-Sen and Pottier, Eric},
  year={2017},
  publisher={CRC press}
}


@article{greenwade93,
    author  = "George D. Greenwade",
    title   = "The {C}omprehensive {T}ex {A}rchive {N}etwork ({CTAN})",
    year    = "1993",
    journal = "TUGBoat",
    volume  = "14",
    number  = "3",
    pages   = "342--351"
}

@article{gao2010statistical,
  title={Statistical modeling of SAR images: A survey},
  author={Gao, Gui},
  journal={Sensors},
  volume={10},
  number={1},
  pages={775--795},
  year={2010},
  publisher={Molecular Diversity Preservation International}
}

@article{mongeon2016journal,
  title={The journal coverage of Web of Science and Scopus: a comparative analysis},
  author={Mongeon, Philippe and Paul-Hus, Ad{\`e}le},
  journal={Scientometrics},
  volume={106},
  number={1},
  pages={213--228},
  year={2016},
  publisher={Springer}
}

@article{nascimento2013comparing,
  title={Comparing edge detection methods based on stochastic entropies and distances for PolSAR imagery},
  author={Nascimento, Abraao DC and Horta, Michelle M and Frery, Alejandro C and Cintra, Renato J},
  journal={IEEE journal of selected topics in applied earth observations and remote sensing},
  volume={7},
  number={2},
  pages={648--663},
  year={2013},
  publisher={IEEE}
}

@article{xiang2017sar,
  title={SAR-PC: Edge detection in SAR images via an advanced phase congruency model},
  author={Xiang, Yuming and Wang, Feng and Wan, Ling and You, Hongjian},
  journal={Remote Sensing},
  volume={9},
  number={3},
  pages={209},
  year={2017},
  publisher={Multidisciplinary Digital Publishing Institute}
}

@book{fink2019conducting,
  title={Conducting research literature reviews: From the internet to paper},
  author={Fink, Arlene},
  year={2019},
  publisher={Sage publications}
}

@inproceedings{qin2018edge,
  title={Edge detection of PolSAR images using statistical distance between automatically refined samples},
  author={Qin, Xianxiang and Hu, Tao and Yu, Wangsheng and Wang, Peng and Li, Jun and Zou, Huanxin},
  booktitle={IGARSS 2018-2018 IEEE International Geoscience and Remote Sensing Symposium},
  pages={645--648},
  year={2018},
  organization={IEEE}
}

@article{quan2019edge,
  title={Edge detection for PolSAR images integrating scattering characteristics and optimal contrast},
  author={Quan, Sinong and Xiang, Deliang and Xiong, Boli and Kuang, Gangyao},
  journal={IEEE Geoscience and Remote Sensing Letters},
  volume={17},
  number={2},
  pages={257--261},
  year={2020},
  publisher={IEEE}
}

%--------------------------------------


@article{gambini2008accuracy,
  title={Accuracy of edge detection methods with local information in speckled imagery},
  author={Gambini, Juliana and Mejail, Marta E and Jacobo-Berlles, Julio and Frery, Alejandro C},
  journal={Statistics and Computing},
  volume={18},
  number={1},
  pages={15--26},
  year={2008},
  publisher={Springer}
}

@article{giron2012nonparametric,
  title={Nonparametric edge detection in speckled imagery},
  author={Gir{\'o}n, Edwin and Frery, Alejandro C and Cribari-Neto, Francisco},
  journal={Mathematics and Computers in Simulation},
  volume={82},
  number={11},
  pages={2182--2198},
  year={2012},
  publisher={Elsevier}
}

@article{alonso2011filtering,
  title={Filtering and segmentation of polarimetric SAR data based on binary partition trees},
  author={Alonso-Gonz{\'a}lez, Alberto and L{\'o}pez-Mart{\'\i}nez, Carlos and Salembier, Philippe},
  journal={IEEE Transactions on Geoscience and Remote Sensing},
  volume={50},
  number={2},
  pages={593--605},
  year={2011},
  publisher={IEEE}
}

@article{iglesias2013atmospheric,
  title={Atmospheric phase screen compensation in ground-based SAR with a multiple-regression model over mountainous regions},
  author={Iglesias, Rub{\'e}n and Fabregas, Xavier and Aguasca, Albert and Mallorqui, Jordi J and L{\'o}pez-Mart{\'\i}nez, Carlos and Gili, Josep A and Corominas, Jordi},
  journal={IEEE transactions on geoscience and remote sensing},
  volume={52},
  number={5},
  pages={2436--2449},
  year={2013},
  publisher={IEEE}
}


@article{7974879,
  author={M. M. {Bronstein} and J. {Bruna} and Y. {LeCun} and A. {Szlam} and P. {Vandergheynst}},
  journal={IEEE Signal Processing Magazine}, 
  title={Geometric Deep Learning: Going beyond Euclidean data}, 
  year={2017},
  volume={34},
  number={4},
  pages={18-42},}

@Article{Tranfield2003,
  author    = {David Tranfield and David Denyer and Palminder Smart},
  journal   = {British Journal of Management},
  title     = {Towards a Methodology for Developing Evidence-Informed Management Knowledge by Means of Systematic Review},
  year      = {2003},
  month     = {sep},
  number    = {3},
  pages     = {207--222},
  volume    = {14},
  doi       = {10.1111/1467-8551.00375},
  publisher = {Wiley},
}

@Article{Linnenluecke2019,
  author    = {Martina K Linnenluecke and Mauricio Marrone and Abhay K Singh},
  journal   = {Australian Journal of Management},
  title     = {Conducting systematic literature reviews and bibliometric analyses},
  year      = {2019},
  month     = {oct},
  number    = {2},
  pages     = {175--194},
  volume    = {45},
  doi       = {10.1177/0312896219877678},
  publisher = {{SAGE} Publications},
}

@article{linnenluecke2020conducting,
  title={Conducting systematic literature reviews and bibliometric analyses},
  author={Linnenluecke, Martina K and Marrone, Mauricio and Singh, Abhay K},
  journal={Australian Journal of Management},
  volume={45},
  number={2},
  pages={175--194},
  year={2020},
  publisher={SAGE Publications Sage UK: London, England}
}

@Comment{jabref-meta: databaseType:bibtex;}
