@InProceedings{C2,
  author = 	 "Jones, C.D. and Smith, A.B. and Roberts, E.F.",
  booktitle =        "Proceedings Title",
  organization = "IEEE",
  year = 	 "2003",
  volume = 	 "II",
  pages = 	 "803-806"
}

@article{Shi2020,
  doi = {10.1109/access.2020.2963989},
  url = {https://doi.org/10.1109/access.2020.2963989},
  year = {2020},
  publisher = {Institute of Electrical and Electronics Engineers ({IEEE})},
  volume = {8},
  pages = {8974--8991},
  author = {Junfei Shi and Haiyan Jin and Zhaolin Xiao},
  title = {A Novel Hybrid Edge Detection Method for Polarimetric {SAR} Images},
  journal = {{IEEE} Access}
}
@article{Xiang2016,
  doi = {10.1109/lgrs.2016.2600704},
  url = {https://doi.org/10.1109/lgrs.2016.2600704},
  year = {2016},
  month = nov,
  publisher = {Institute of Electrical and Electronics Engineers ({IEEE})},
  volume = {13},
  number = {11},
  pages = {1661--1665},
  author = {Deliang Xiang and Yifang Ban and Wei Wang and Tao Tang and Yi Su},
  title = {Edge Detector for Polarimetric {SAR} Images Using {SIRV} Model and {Gauss}-Shaped Filter},
  journal = {{IEEE} Geoscience and Remote Sensing Letters}
}

@inproceedings{Liu2019,
  doi = {10.1109/igarss.2019.8900085},
  url = {https://doi.org/10.1109/igarss.2019.8900085},
  year = {2019},
  month = jul,
  publisher = {{IEEE}},
  author = {Xiangrong Liu and Wei Mao and Shunsheng Zhang and Lei Wu and Wen-Qin Wang},
  title = {{PolSAR} Image Edge Detection via Structure Tensor Analysis},
  booktitle = {{IGARSS} 2019 - 2019 {IEEE} International Geoscience and Remote Sensing Symposium}
}


@article{Wang2018,
  doi = {10.1080/01431161.2018.1460501},
  url = {https://doi.org/10.1080/01431161.2018.1460501},
  year = {2018},
  month = apr,
  publisher = {Informa {UK} Limited},
  volume = {39},
  number = {19},
  pages = {6340--6357},
  author = {Wei Wang and Deliang Xiang and Yifang Ban and Jun Zhang and Jianwei Wan},
  title = {Enhanced edge detection for polarimetric {SAR} images using a directional span-driven adaptive window},
  journal = {International Journal of Remote Sensing}
}

@article{DeBorba2020,
  doi = {10.1109/lgrs.2020.3022511},
  url = {https://doi.org/10.1109/lgrs.2020.3022511},
  year = {2020},
  publisher = {Institute of Electrical and Electronics Engineers ({IEEE})},
  volume = {19},
  pages = {1--5},
  author = {Anderson A. De Borba and Mauricio Marengoni and Alejandro C. Frery},
  title = {Fusion of Evidences in Intensity Channels for Edge Detection in {PolSAR} Images},
  journal = {{IEEE} Geoscience and Remote Sensing Letters}
}

@article{Jin2016,
  doi = {10.1109/lgrs.2016.2569534},
  url = {https://doi.org/10.1109/lgrs.2016.2569534},
  year = {2016},
  month = aug,
  publisher = {Institute of Electrical and Electronics Engineers ({IEEE})},
  volume = {13},
  number = {8},
  pages = {1104--1108},
  author = {Ruijin Jin and Junjun Yin and Wei Zhou and Jian Yang},
  title = {Improved Multiscale Edge Detection Method for Polarimetric {SAR} Images},
  journal = {{IEEE} Geoscience and Remote Sensing Letters}
}

@article{Gambini2007,
  doi = {10.1007/s11222-007-9034-y},
  url = {https://doi.org/10.1007/s11222-007-9034-y},
  year = {2007},
  month = sep,
  publisher = {Springer Science and Business Media {LLC}},
  volume = {18},
  number = {1},
  pages = {15--26},
  author = {Juliana Gambini and Marta E. Mejail and Julio Jacobo-Berlles and Alejandro C. Frery},
  title = {Accuracy of edge detection methods with local information in~speckled imagery},
  journal = {Statistics and Computing}
}

@article{Nascimento2014,
  doi = {10.1109/jstars.2013.2266319},
  url = {https://doi.org/10.1109/jstars.2013.2266319},
  year = {2014},
  month = feb,
  publisher = {Institute of Electrical and Electronics Engineers ({IEEE})},
  volume = {7},
  number = {2},
  pages = {648--663},
  author = {Abraao D. C. Nascimento and Michelle M. Horta and Alejandro C. Frery and Renato J. Cintra},
  title = {Comparing Edge Detection Methods Based on Stochastic Entropies and Distances for {PolSAR} Imagery},
  journal = {{IEEE} Journal of Selected Topics in Applied Earth Observations and Remote Sensing}
}
@article{Schou2003,
  doi = {10.1109/tgrs.2002.808063},
  url = {https://doi.org/10.1109/tgrs.2002.808063},
  year = {2003},
  month = jan,
  publisher = {Institute of Electrical and Electronics Engineers ({IEEE})},
  volume = {41},
  number = {1},
  pages = {20--32},
  author = {J. Schou and H. Skriver and A.A. Nielsen and K. Conradsen},
  title = {{CFAR} edge detector for polarimetric {SAR} images},
  journal = {{IEEE} Transactions on Geoscience and Remote Sensing}
}

@inproceedings{deBorba2019,
  doi = {10.1109/tengarss48957.2019.8976040},
  url = {https://doi.org/10.1109/tengarss48957.2019.8976040},
  year = {2019},
  month = oct,
  publisher = {{IEEE}},
  author = {Anderson A. de Borba and Mauricio Marengoni and Alejandro C. Frery},
  title = {Fusion of Evidences for Edge Detection in {PolSAR} Images},
  booktitle = {2019 {IEEE} Recent Advances in Geoscience and Remote Sensing : Technologies,  Standards and Applications ({TENGARSS})}
}

@article{Hua2022,
  doi = {10.1109/jstars.2022.3162953},
  url = {https://doi.org/10.1109/jstars.2022.3162953},
  year = {2022},
  publisher = {Institute of Electrical and Electronics Engineers ({IEEE})},
  volume = {15},
  pages = {2759--2772},
  author = {Wenqiang Hua and Cong Zhang and Wen Xie and Xiaomin Jin},
  title = {Polarimetric {SAR} Image Classification Based on Ensemble Dual-Branch {CNN} and Superpixel Algorithm},
  journal = {{IEEE} Journal of Selected Topics in Applied Earth Observations and Remote Sensing}
}

@book{Lee2017,
  doi = {10.1201/9781420054989},
  url = {https://doi.org/10.1201/9781420054989},
  year = {2009},
  publisher = {{CRC} Press},
  author = {Jong-Sen Lee and Eric Pottier},
  editor = {Jong-Sen Lee and Eric Pottier},
  title = {Polarimetric Radar Imaging: From Basics to Application}
}

@article{Qin2022,
  doi = {10.3390/rs14225873},
  url = {https://doi.org/10.3390/rs14225873},
  year = {2022},
  month = nov,
  publisher = {{MDPI} {AG}},
  volume = {14},
  number = {22},
  pages = {5873},
  author = {Xianxiang Qin and Yanning Zhang and Ying Li and Yinglei Cheng and Wangsheng Yu and Peng Wang and Huanxin Zou},
  title = {Distance Measures of Polarimetric {SAR} Image Data: A Survey},
  journal = {Remote Sensing}
}

@inproceedings{Nielsen2007,
  doi = {10.1109/multitemp.2007.4293078},
  url = {https://doi.org/10.1109/multitemp.2007.4293078},
  year = {2007},
  month = jul,
  publisher = {{IEEE}},
  author = {Allan A. Nielsen and Henning Skriver and Knut Conradsen},
  title = {Complex Wishart Distribution Based Analysis of Polarimetric Synthetic Aperture Radar Data},
  booktitle = {2007 International Workshop on the Analysis of Multi-temporal Remote Sensing Images}
}

@article{Zhai2015,
  doi = {10.1080/2150704x.2015.1101179},
  url = {https://doi.org/10.1080/2150704x.2015.1101179},
  year = {2015},
  month = nov,
  publisher = {Informa {UK} Limited},
  volume = {7},
  number = {1},
  pages = {31--40},
  author = {Wei Zhai and Huanfeng Shen and Chunlin Huang and Wansheng Pei},
  title = {Fusion of polarimetric and texture information for urban building extraction from fully polarimetric {SAR} imagery},
  journal = {Remote Sensing Letters}
}

@article{LEE1994,
  doi = {10.1080/01431169408954244},
  url = {https://doi.org/10.1080/01431169408954244},
  year = {1994},
  month = jul,
  publisher = {Informa {UK} Limited},
  volume = {15},
  number = {11},
  pages = {2299--2311},
  author = {Lee, Jong-Sen and Grunes, Mitchell R and Kwok, R},
  title = {Classification of multi-look polarimetric {SAR} imagery based on complex Wishart distribution},
  journal = {International Journal of Remote Sensing}
}

@article{Tjoa2021,
  doi = {10.1109/tnnls.2020.3027314},
  url = {https://doi.org/10.1109/tnnls.2020.3027314},
  year = {2021},
  month = nov,
  publisher = {Institute of Electrical and Electronics Engineers ({IEEE})},
  volume = {32},
  number = {11},
  pages = {4793--4813},
  author = {Erico Tjoa and Cuntai Guan},
  title = {A Survey on Explainable Artificial Intelligence ({XAI}): Toward Medical {XAI}},
  journal = {{IEEE} Transactions on Neural Networks and Learning Systems}
}

@inproceedings{monferran2020modelo,
  title={Modelo mejorado para la estimaci{\'o}n de puntos de borde en im{\'a}genes SAR polarim{\'e}tricas},
  author={Monferr{\'a}n, Daniel and Sartarelli, Andr{\'e}s},
  booktitle={XXII Workshop de Investigadores en Ciencias de la Computaci{\'o}n (WICC 2020, El Calafate, Santa Cruz)},
  year={2020}
}

@article{Nascimento2019,
  doi = {10.1109/tgrs.2018.2866367},
  url = {https://doi.org/10.1109/tgrs.2018.2866367},
  year = {2019},
  month = mar,
  publisher = {Institute of Electrical and Electronics Engineers ({IEEE})},
  volume = {57},
  number = {3},
  pages = {1380--1392},
  author = {Abraao D. C. Nascimento and Alejandro C. Frery and Renato J. Cintra},
  title = {Detecting Changes in Fully Polarimetric {SAR} Imagery With Statistical Information Theory},
  journal = {{IEEE} Transactions on Geoscience and Remote Sensing}
}

@article{NaranjoTorres2017,
  doi = {10.1109/jstars.2017.2647846},
  url = {https://doi.org/10.1109/jstars.2017.2647846},
  year = {2017},
  month = mar,
  publisher = {Institute of Electrical and Electronics Engineers ({IEEE})},
  volume = {10},
  number = {3},
  pages = {987--997},
  author = {Jose Naranjo-Torres and Juliana Gambini and Alejandro C. Frery},
  title = {The Geodesic Distance between {GI0} Models and its Application to Region Discrimination},
  journal = {{IEEE} Journal of Selected Topics in Applied Earth Observations and Remote Sensing}
}

@article{Frery2014,
  doi = {10.1109/tgrs.2013.2248737},
  url = {https://doi.org/10.1109/tgrs.2013.2248737},
  year = {2014},
  month = feb,
  publisher = {Institute of Electrical and Electronics Engineers ({IEEE})},
  volume = {52},
  number = {2},
  pages = {1213--1226},
  author = {Alejandro C. Frery and Abraao D. C. Nascimento and Renato J. Cintra},
  title = {Analytic Expressions for Stochastic Distances Between Relaxed Complex Wishart Distributions},
  journal = {{IEEE} Transactions on Geoscience and Remote Sensing}
}

@article{Somvanshi2017,
  doi = {10.1080/19479832.2017.1355336},
  url = {https://doi.org/10.1080/19479832.2017.1355336},
  year = {2017},
  month = jul,
  publisher = {Informa {UK} Limited},
  volume = {9},
  number = {2},
  pages = {131--151},
  author = {Shivangi S. Somvanshi and Phool Kunwar and Sewata Tomar and Madhulika Singh},
  title = {Comparative statistical analysis of the quality of image enhancement techniques},
  journal = {International Journal of Image and Data Fusion}
}

@inproceedings{beaulieu2003multi,
  title={Multi-spectral image resolution refinement using stationary wavelet transform},
  author={Beaulieu, Mario and Foucher, Samuel and Gagnon, Langis},
  booktitle={IGARSS 2003. 2003 IEEE International Geoscience and Remote Sensing Symposium. Proceedings (IEEE Cat. No. 03CH37477)},
  volume={6},
  pages={4032--4034},
  year={2003},
  organization={IEEE}
}
@inproceedings{choi2003biorthogonal,
  title={Biorthogonal wavelets-based landsat 7 image fusion},
  author={Choi, Myung-Jin and Kim, Moon-Gyu and Kim, Tae-Jung and Kim, Rae-Young},
  booktitle={Proceedings of the KSRS Conference},
  pages={724--726},
  year={2003},
  organization={The Korean Society of Remote Sensing}
}

@article{aiazzi2004spectral,
  title={Spectral information extraction by means of MS+ PAN fusion},
  author={Aiazzi, Bruno and Alparone, Luciano and Baronti, Stefano and Garzelli, Andrea and Nencini, Filippo and Selva, Massimo},
  journal={Proceedings of ESA-EUSC},
  volume={20},
  year={2004}
}

@article{li2005color,
  title={Color transfer based remote sensing image fusion using non-separable wavelet frame transform},
  author={Li, Zhenhua and Jing, Zhongliang and Yang, Xuhong and Sun, Shaoyuan},
  journal={Pattern Recognition Letters},
  volume={26},
  number={13},
  pages={2006--2014},
  year={2005},
  publisher={Elsevier}
}

@article{han2008study,
  title={The study on image fusion for high spatial resolution remote sensing images},
  author={Han, SS and Li, HT and Gu, HY },
  journal={Int. Arch. Photogramm. Remote Sens. Spat. Inf. Sci. XXXVII. Part B},
  volume={7},
  pages={1159--1164},
  year={2008},
  publisher={Citeseer}
}

@inproceedings{canga2005,
  title={Characterisation of image fusion quality metrics for surveillance applications over bandlimited channels},
  author={Canga, E Fernandez and Nikolov, SG and Canagarajah, CN and Bull, DR and Dixon, TD and Noyes, JM and Troscianko, T},
  booktitle={2005 7th International Conference on Information Fusion},
  volume={1},
  pages={8--pp},
  year={2005},
  organization={IEEE}
}

@article{Li2010,
  doi = {10.1080/19479830903562009},
  url = {https://doi.org/10.1080/19479830903562009},
  year = {2010},
  month = mar,
  publisher = {Informa {UK} Limited},
  volume = {1},
  number = {1},
  pages = {47--66},
  author = {Shuang Li and Zhilin Li and Jianya Gong},
  title = {Multivariate statistical analysis of measures for assessing the quality of image fusion},
  journal = {International Journal of Image and Data Fusion}
}


@article{Somvanshi2020,
  doi = {10.1016/j.acags.2020.100032},
  url = {https://doi.org/10.1016/j.acags.2020.100032},
  year = {2020},
  month = sep,
  publisher = {Elsevier {BV}},
  volume = {7},
  pages = {100032},
  author = {Shivangi S. Somvanshi and Maya Kumari},
  title = {Comparative analysis of different vegetation indices with respect to atmospheric particulate pollution using sentinel data},
  journal = {Applied Computing and Geosciences}
}

@article{Nikola2015,
  doi = {10.5721/eujrs20154809},
  url = {https://doi.org/10.5721/eujrs20154809},
  year = {2015},
  month = jan,
  publisher = {Informa {UK} Limited},
  volume = {48},
  number = {1},
  pages = {141--167},
  author = {Konstantinos Nikolakopoulos and Dimitrios Oikonomidis},
  title = {Quality assessment of ten fusion techniques applied on Worldview-2},
  journal = {European Journal of Remote Sensing}
}

@article{Vilone2021,
  doi = {10.1016/j.inffus.2021.05.009},
  url = {https://doi.org/10.1016/j.inffus.2021.05.009},
  year = {2021},
  month = dec,
  publisher = {Elsevier {BV}},
  volume = {76},
  pages = {89--106},
  author = {Giulia Vilone and Luca Longo},
  title = {Notions of explainability and evaluation approaches for explainable artificial intelligence},
  journal = {Information Fusion}
}

@inproceedings{feyer2017integration,
  title={Integration of the scientific recommender system Mr. DLib into the reference manager JabRef},
  author={Feyer, Stefan and Siebert, Sophie and Gipp, Bela and Aizawa, Akiko and Beel, Joeran},
  booktitle={Advances in Information Retrieval: 39th European Conference on IR Research, ECIR 2017, Aberdeen, UK, April 8-13, 2017, Proceedings 39},
  pages={770--774},
  year={2017},
  organization={Springer}
}
@article{van2017citation,
  title={Citation-based clustering of publications using CitNetExplorer and VOSviewer},
  author={Van Eck, Nees Jan and Waltman, Ludo},
  journal={Scientometrics},
  volume={111},
  pages={1053--1070},
  year={2017},
  publisher={Springer}
}
@misc{aria2017bibliometrix,
  title={bibliometrix: an R-tool for comprehensive science mapping analysis. J Informet 11 (4): 959--975},
  author={Aria, M and Cuccurullo, C},
  year={2017}
}